@article{jones96analysis,
  author  = {Trevor H. Jones and Il-Yeol Song},
  title   = {Analysis of Binary/Ternary Cardinality Combinations in Entity-Relationship Modeling},
  journal = {Data  Knowledge Engineering},
  volume  = {19},
  number  = {1},
  pages   = {39-64},
  year    = {1996},
  url     = {citeseer.ist.psu.edu/jones96analysis.html}
}

@techreport{RFC0768,
  author       = {J. Postel},
  title        = {User Datagram Protocol},
  howpublished = {Internet Requests for Comments},
  type         = {STD},
  number       = {6},
  year         = {1980},
  month        = {August},
  issn         = {2070-1721},
  publisher    = {RFC Editor},
  institution  = {RFC Editor},
  url          = {http://www.rfc-editor.org/rfc/rfc768.txt},
  note         = {\url{http://www.rfc-editor.org/rfc/rfc768.txt}}
}

@techreport{RFC0791,
  author       = {Jon Postel},
  title        = {Internet Protocol},
  howpublished = {Internet Requests for Comments},
  type         = {STD},
  number       = {5},
  year         = {1981},
  month        = {September},
  issn         = {2070-1721},
  publisher    = {RFC Editor},
  institution  = {RFC Editor},
  url          = {http://www.rfc-editor.org/rfc/rfc791.txt},
  note         = {\url{http://www.rfc-editor.org/rfc/rfc791.txt}}
}

@techreport{RFC0793,
  author       = {Jon Postel},
  title        = {Transmission Control Protocol},
  howpublished = {Internet Requests for Comments},
  type         = {STD},
  number       = {7},
  year         = {1981},
  month        = {September},
  issn         = {2070-1721},
  publisher    = {RFC Editor},
  institution  = {RFC Editor},
  url          = {http://www.rfc-editor.org/rfc/rfc793.txt},
  note         = {\url{http://www.rfc-editor.org/rfc/rfc793.txt}}
}

@techreport{RFC1034,
  author       = {P. Mockapetris},
  title        = {Domain names - concepts and facilities},
  howpublished = {Internet Requests for Comments},
  type         = {STD},
  number       = {13},
  year         = {1987},
  month        = {November},
  issn         = {2070-1721},
  publisher    = {RFC Editor},
  institution  = {RFC Editor},
  url          = {http://www.rfc-editor.org/rfc/rfc1034.txt},
  note         = {\url{http://www.rfc-editor.org/rfc/rfc1034.txt}}
}

@techreport{RFC2131,
  author       = {Ralph Droms},
  title        = {Dynamic Host Configuration Protocol},
  howpublished = {Internet Requests for Comments},
  type         = {RFC},
  number       = {2131},
  year         = {1997},
  month        = {March},
  issn         = {2070-1721},
  publisher    = {RFC Editor},
  institution  = {RFC Editor},
  url          = {http://www.rfc-editor.org/rfc/rfc2131.txt},
  note         = {\url{http://www.rfc-editor.org/rfc/rfc2131.txt}}
}

@techreport{RFC2616,
  author       = {Roy T. Fielding and James Gettys and Jeffrey C. Mogul and Henrik Frystyk Nielsen and Larry Masinter and Paul J. Leach and Tim Berners-Lee},
  title        = {Hypertext Transfer Protocol -- HTTP/1.1},
  howpublished = {Internet Requests for Comments},
  type         = {RFC},
  number       = {2616},
  year         = {1999},
  month        = {June},
  issn         = {2070-1721},
  publisher    = {RFC Editor},
  institution  = {RFC Editor},
  url          = {http://www.rfc-editor.org/rfc/rfc2616.txt},
  note         = {\url{http://www.rfc-editor.org/rfc/rfc2616.txt}}
}

@techreport{RFC2979,
  author       = {N. Freed},
  title        = {Behavior of and Requirements for Internet Firewalls},
  howpublished = {Internet Requests for Comments},
  type         = {RFC},
  number       = {2979},
  year         = {2000},
  month        = {October},
  issn         = {2070-1721},
  publisher    = {RFC Editor},
  institution  = {RFC Editor}
}

@techreport{RFC4302,
  author       = {S. Kent},
  title        = {IP Authentication Header},
  howpublished = {Internet Requests for Comments},
  type         = {RFC},
  number       = {4302},
  year         = {2005},
  month        = {December},
  issn         = {2070-1721},
  publisher    = {RFC Editor},
  institution  = {RFC Editor},
  url          = {http://www.rfc-editor.org/rfc/rfc4302.txt},
  note         = {\url{http://www.rfc-editor.org/rfc/rfc4302.txt}}
}

@techreport{RFC4303,
  author       = {S. Kent},
  title        = {IP Encapsulating Security Payload (ESP)},
  howpublished = {Internet Requests for Comments},
  type         = {RFC},
  number       = {4303},
  year         = {2005},
  month        = {December},
  issn         = {2070-1721},
  publisher    = {RFC Editor},
  institution  = {RFC Editor},
  url          = {http://www.rfc-editor.org/rfc/rfc4303.txt},
  note         = {\url{http://www.rfc-editor.org/rfc/rfc4303.txt}}
}

@techreport{RFC5996,
  author       = {C. Kaufman and P. Hoffman and Y. Nir and P. Eronen},
  title        = {Internet Key Exchange Protocol Version 2 (IKEv2)},
  howpublished = {Internet Requests for Comments},
  type         = {RFC},
  number       = {5996},
  year         = {2010},
  month        = {September},
  issn         = {2070-1721},
  publisher    = {RFC Editor},
  institution  = {RFC Editor}
}

@techreport{RFC6071,
  author       = {S. Frankel and S. Krishnan},
  title        = {IP Security (IPsec) and Internet Key Exchange (IKE) Document Roadmap},
  howpublished = {Internet Requests for Comments},
  type         = {RFC},
  number       = {6071},
  year         = {2011},
  month        = {February},
  issn         = {2070-1721},
  publisher    = {RFC Editor},
  institution  = {RFC Editor},
  url          = {http://www.rfc-editor.org/rfc/rfc6071.txt},
  note         = {\url{http://www.rfc-editor.org/rfc/rfc6071.txt}}
}